@misc{chandra2018,
	author = {Chandra, Rishi},
	title = {How Google Home and the Google Assistant helped you get more done in 2017},
	year = "2018",
	url = "https://blog.google/products/assistant/how-google-home-and-google-assistant-helped-you-get-more-done-in-2017/",
	note = "[Online; accessed 6 Mar 2020]"
}
@misc{gvr2017,
	author = {{Grand View Research}},
	title = {Chatbot Market Size And Share Analysis, Industry Report, 2014 - 2025},
	year = "2017",
	url = "https://www.grandviewresearch.com/industry-analysis/chatbot-market",
	note = "[Online; accessed 6 Mar 2020]"
}
@article{turing1950computing,
	title={Computing Machinery and Intelligence},
	author={Turing, AM},
	journal={Mind},
	volume={59},
	pages={433--460},
	year={1950}
}

@article{weizenbaum1976computer,
	title={Computer power and human reason: From judgment to calculation.},
	author={Weizenbaum, Joseph},
	year={1976},
	publisher={WH Freeman \& Co}
}

@incollection{wallace2009anatomy,
	title={The anatomy of ALICE},
	author={Wallace, Richard S},
	booktitle={Parsing the Turing Test},
	pages={181--210},
	year={2009},
	publisher={Springer}
}

@misc{keedwell2014loebner,
	author = {Keedwell, Edward},
	title = {The Loebner Prize, a Turing Test competition at Bletchley Park | The University of Exeter},
	year = "2017",
	url = "https://blogs.exeter.ac.uk/exeterblog/blog/2014/12/08/the-loebner-prize-a-turing-test-competition-at-bletchley-park/",
	note = "[Online; accessed 6 Mar 2020]"
}
@misc{shieber1994lessons,
	title={Lessons from a Restricted Turing Test},
	author={Stuart M. Shieber},
	year={1994},
	eprint={cmp-lg/9404002},
	archivePrefix={arXiv},
	primaryClass={cmp-lg}
}

@misc{chung2018intelligent,
	title={Intelligent Virtual Assistant knows Your Life},
	author={Hyunji Chung and Sangjin Lee},
	year={2018},
	eprint={1803.00466},
	archivePrefix={arXiv},
	primaryClass={cs.CY}
}

@misc{ibm2017watson,
	title={Watson Assistant},
	author={IBM},
	year={2018},
	url = "https://www.ibm.com/cloud/watson-assistant",
	note = "[Online; accessed 6 Mar 2020]"
}

@misc{ibm2017autodesk,
	title={How Autodesk sped up customer response times by 99% with Watson},
	author={Shieber, Christine},
	year={2017},
	url = "https://www.ibm.com/blogs/watson/2017/10/how-autodesk-sped-up-customer-service-times-with-watson/",
	note = "[Online; accessed 6 Mar 2020]"
}

@misc{microsoft2019azure,
	title={Azure Bot Service},
	author={{Microsoft Azure}},
	year={2019},
	url = "https://azure.microsoft.com/en-gb/services/bot-service/",
	note = "[Online; accessed 6 Mar 2020]"
}

@article{cahn2017chatbot,
	title={CHATBOT: Architecture, design, \& development},
	author={Cahn, Jack},
	journal={University of Pennsylvania School of Engineering and Applied Science Department of Computer and Information Science},
	year={2017}
}

@inproceedings{wang2013dataset,
	title={A dataset for research on short-text conversations},
	author={Wang, Hao and Lu, Zhengdong and Li, Hang and Chen, Enhong},
	booktitle={Proceedings of the 2013 Conference on Empirical Methods in Natural Language Processing},
	pages={935--945},
	year={2013}
}

@misc{pandorabots2019about,
	title={About Pandorabots},
	author={{Pandorabots Inc.}},
	year={2019},
	url = "https://pandorabots.com/docs/",
	note = "[Online; accessed 6 Mar 2020]"
}
@misc{vinyals2015neural,
	title={A Neural Conversational Model},
	author={Oriol Vinyals and Quoc Le},
	year={2015},
	eprint={1506.05869},
	archivePrefix={arXiv},
	primaryClass={cs.CL}
}

@misc{sutskever2014sequence,
	title={Sequence to Sequence Learning with Neural Networks},
	author={Ilya Sutskever and Oriol Vinyals and Quoc V. Le},
	year={2014},
	eprint={1409.3215},
	archivePrefix={arXiv},
	primaryClass={cs.CL}
}

@misc{ilievski2018building,
	title={Building Advanced Dialogue Managers for Goal-Oriented Dialogue Systems},
	author={Vladimir Ilievski},
	year={2018},
	eprint={1806.00780},
	archivePrefix={arXiv},
	primaryClass={cs.CL}
}

@misc{lowe2015ubuntu,
	title={The Ubuntu Dialogue Corpus: A Large Dataset for Research in Unstructured Multi-Turn Dialogue Systems},
	author={Ryan Lowe and Nissan Pow and Iulian Serban and Joelle Pineau},
	year={2015},
	eprint={1506.08909},
	archivePrefix={arXiv},
	primaryClass={cs.CL}
}

@misc{kadlec2015improved,
	title={Improved Deep Learning Baselines for Ubuntu Corpus Dialogs},
	author={Rudolf Kadlec and Martin Schmid and Jan Kleindienst},
	year={2015},
	eprint={1510.03753},
	archivePrefix={arXiv},
	primaryClass={cs.CL}
}

@article{lowe2017training,
	title={Training end-to-end dialogue systems with the ubuntu dialogue corpus},
	author={Lowe, Ryan Thomas and Pow, Nissan and Serban, Iulian Vlad and Charlin, Laurent and Liu, Chia-Wei and Pineau, Joelle},
	journal={Dialogue \& Discourse},
	volume={8},
	number={1},
	pages={31--65},
	year={2017}
}

@inproceedings{volkel2006semantic,
	title={Semantic wikipedia},
	author={V{\"o}lkel, Max and Kr{\"o}tzsch, Markus and Vrandecic, Denny and Haller, Heiko and Studer, Rudi},
	booktitle={Proceedings of the 15th international conference on World Wide Web},
	pages={585--594},
	year={2006}
}

@article{medelyan2009mining,
	title={Mining meaning from Wikipedia},
	author={Medelyan, Olena and Milne, David and Legg, Catherine and Witten, Ian H},
	journal={International Journal of Human-Computer Studies},
	volume={67},
	number={9},
	pages={716--754},
	year={2009},
	publisher={Elsevier}
}
@inproceedings{wu2007autonomously,
	title={Autonomously semantifying wikipedia},
	author={Wu, Fei and Weld, Daniel S},
	booktitle={Proceedings of the sixteenth ACM conference on Conference on information and knowledge management},
	pages={41--50},
	year={2007}
}

@misc{wikimedia2019,
	author = {{Wikimedia Foundation}},
	title = {List of Wikipedias},
	year = "2019",
	url = "https://meta.wikimedia.org/wiki/List_of_Wikipedias",
	note = "[Accessed 6 Mar 2020]"
}

@misc{dbpedia2019about,
	author = {DBPedia},
	title = {{About | DBpedia}},
	year = "2019",
	url = "https://wiki.dbpedia.org/about",
	note = "[Accessed 6 Mar 2020]"
}

@article{lehmann2015dbpedia,
	title={DBpedia--a large-scale, multilingual knowledge base extracted from Wikipedia},
	author={Lehmann, Jens and Isele, Robert and Jakob, Max and Jentzsch, Anja and Kontokostas, Dimitris and Mendes, Pablo N and Hellmann, Sebastian and Morsey, Mohamed and Van Kleef, Patrick and Auer, S{\"o}ren and others},
	journal={Semantic Web},
	volume={6},
	number={2},
	pages={167--195},
	year={2015},
	publisher={IOS Press}
}

@misc{dbpedia2019ontology,
	author = {DBPedia},
	title = {{Ontology | DBpedia}},
	year = "2019",
	url = "https://wiki.dbpedia.org/services-resources/ontology",
	note = "[Online; accessed 6 Mar 2020]"
}

@article{bizer2009dbpedia,
	title={DBpedia-A crystallization point for the Web of Data},
	author={Bizer, Christian and Lehmann, Jens and Kobilarov, Georgi and Auer, S{\"o}ren and Becker, Christian and Cyganiak, Richard and Hellmann, Sebastian},
	journal={Journal of web semantics},
	volume={7},
	number={3},
	pages={154--165},
	year={2009},
	publisher={Elsevier}
}

@book{bird2009natural,
	title={Natural language processing with Python: analyzing text with the natural language toolkit},
	author={Bird, Steven and Klein, Ewan and Loper, Edward},
	year={2009},
	publisher={" O'Reilly Media, Inc."}
}
@article{koepke2011python,
	title={Why Python rocks for research},
	journal={Hacker Monthly},
	volume={8},
	year={2011},
	author={Koepke, Hoyt},
	publisher={University of Washington}
}

@misc{cass2019,
	title={The Top Programming Languages 2019},
	url={https://spectrum.ieee.org/computing/software/the-top-programming-languages-2019},
	journal={IEEE Spectrum: Technology, Engineering, and Science News}, publisher={IEEE},
	author={Cass, Stephen},
	year={2019}, month={Sep}
}

@misc{nltk2019,
	title={Natural Language Toolkit},
	url={https://www.nltk.org/},
	journal={Natural Language Toolkit - NLTK 3.4.5 documentation},
	publisher={ NLTK Project},
	author={NLTK Project},
	year={2019}, month={Aug}
}

@article{pedregosa2011scikit,
	title={Scikit-learn: Machine learning in Python},
	author={Pedregosa, Fabian and Varoquaux, Ga{\"e}l and Gramfort, Alexandre and Michel, Vincent and Thirion, Bertrand and Grisel, Olivier and Blondel, Mathieu and Prettenhofer, Peter and Weiss, Ron and Dubourg, Vincent and others},
	journal={Journal of machine learning research},
	volume={12},
	number={Oct},
	pages={2825--2830},
	year={2011}
}

@inproceedings{abadi2016tensorflow,
	title={Tensorflow: A system for large-scale machine learning},
	author={Abadi, Mart{\'\i}n and Barham, Paul and Chen, Jianmin and Chen, Zhifeng and Davis, Andy and Dean, Jeffrey and Devin, Matthieu and Ghemawat, Sanjay and Irving, Geoffrey and Isard, Michael and others},
	booktitle={12th $\{$USENIX$\}$ Symposium on Operating Systems Design and Implementation ($\{$OSDI$\}$ 16)},
	pages={265--283},
	year={2016}
}

@misc{polzin2019,
	title={Intelligent Scanning Using Deep Learning for MRI},
	url={https://blog.tensorflow.org/2019/03/intelligent-scanning-using-deep-learning.html},
	journal={The TensorFlow Blog},
	publisher={Tensorflow},
	author={Polzin, Jason A},
	year={2019}, month={Mar}
}

@misc{pichai2015,
	title={TensorFlow: smarter machine learning, for everyone},
	url={https://googleblog.blogspot.com/2015/11/tensorflow-smarter-machine-learning-for.html},
	journal={Official Google Blog},
	publisher={Google},
	author={Pichai, Sundar},
	year={2015}, month={Nov}
}
@misc{villegas2019,
	author = {Villegas, Paulo},
	title = {python-aiml},
	year = {2019},
	publisher = {GitHub},
	journal = {GitHub repository},
	url = {https://github.com/paulovn/python-aiml}
}

@misc{cox2019,
	title={About ChatterBot},
	url={https://chatterbot.readthedocs.io/en/stable},
	journal={About ChatterBot},
	author={Cox, Gunther},
	year={2019}, month={Jan}
}
@book{vermuelen2019,
	place={Berkeley, CA},
	title={Industrial machine learning: using artificial intelligence as a transformational disruptor},
	publisher={Apress},
	author={{Vermeulen, Andreas Fran\c{c}ois}},
	year={2019}
}

@misc{python2017db,
	author = {Lemburg, Marc-André},
	title = {PEP 249 -- Python Database API Specification v2.0},
	year = {2017},
	month = {Nov},
	url = {https://www.python.org/dev/peps/pep-0249/},
}

@misc{rdf2019,
	author={{RDFLib Team}},
	title={rdflib 4.2.2},
	url={https://rdflib.readthedocs.io/en/stable},
	year {2019},
	month = {May},
}


@misc{python2020web,
	author={{Python Wiki}},
	title={Web Frameworks for Python},
	url={https://wiki.python.org/moin/WebFrameworks},
	year {2020},
	month = {Jan},
}

@misc{microsoft2019azure,
	author={{Microsoft Azure}},
	title={How Azure Machine Learning works: Architecture and concepts},
	url={https://docs.microsoft.com/en-gb/azure/machine-learning/concept-azure-machine-learning-architecture},
	year {2019},
	month = {Dec},
}

@article{witten2005practical,
	title={Practical machine learning tools and techniques},
	author={Witten, Ian H and Frank, Eibe and Hall, Mark A},
	journal={Morgan Kaufmann},
	pages={578},
	year={2005}
}

@article{abeel2009java,
	title={Java-ml: A machine learning library},
	author={Abeel, Thomas and Peer, Yves Van de and Saeys, Yvan},
	journal={Journal of Machine Learning Research},
	volume={10},
	number={Apr},
	pages={931--934},
	year={2009}
}

@article{kovalev2016deep,
	title={Deep learning with theano, torch, caffe, tensorflow, and deeplearning4j: Which one is the best in speed and accuracy?},
	author={Kovalev, Vassili and Kalinovsky, Alexander and Kovalev, Sergey},
	year={2016},
	publisher={Minsk: Publishing Center of BSU}
}

@misc{alice2013,
	author={{ALICE A.I. Foundation}},
	title={Google Code Archive - program-ab},
	url={https://code.google.com/archive/p/program-ab/},
	year {2013},
	month = {Jan},
}

@misc{google2018dominos,
	author={{Google}},
	title={Domino’s simplifies ordering pizza using Dialogflow's conversational technology},
	url={https://dialogflow.com/case-studies/dominos/Domino's-case-study.pdf},
	year {2018},
	month = {Mar},
}

@misc{yourmd2017,
	author={{Your.MD}},
	title={About Us - Your.MD},
	url={https://www.your.md/about},
	year {2017},
	month = {Jan},
}

@inproceedings{ramngongausbeck2018,
	address = {Republic and Canton of Geneva, Switzerland},
	author = {Athreya, Ram G and Ngonga, Axel and Usbeck, Ricardo},
	booktitle = {WWW '18 Companion: The 2018 Web Conference Companion, April 23--27, 2018, Lyon, France},
	doi = {10.1145/3184558.3186964},
	location = {Lyon, France},
	numpages = {4},
	publisher = {International World Wide Web Conferences Steering Committee},
	title = {{Enhancing Community Interactions with Data-Driven Chatbots - The DBpedia Chatbot}},
	url = {https://svn.aksw.org/papers/2018/WWW_dbpedia_chatbot/public.pdf},
	year = 2018
}